@inproceedings{yosinski2014transferable,
	title={How transferable are features in deep neural networks?},
	author={Yosinski, Jason and Clune, Jeff and Bengio, Yoshua and Lipson, Hod},
	booktitle={Advances in neural information processing systems},
	pages={3320--3328},
	year={2014}
}
@inproceedings{oquab2014learning,
	title={Learning and transferring mid-level image representations using convolutional neural networks},
	author={Oquab, Maxime and Bottou, Leon and Laptev, Ivan and Sivic, Josef},
	booktitle={Proceedings of the IEEE conference on computer vision and pattern recognition},
	pages={1717--1724},
	year={2014}
}
@article{everingham2010pascal,
	title={The pascal visual object classes (voc) challenge},
	author={Everingham, Mark and Van Gool, Luc and Williams, Christopher KI and Winn, John and Zisserman, Andrew},
	journal={International journal of computer vision},
	volume={88},
	number={2},
	pages={303--338},
	year={2010},
	publisher={Springer}
}
@inproceedings{krizhevsky2012imagenet,
	title={Imagenet classification with deep convolutional neural networks},
	author={Krizhevsky, Alex and Sutskever, Ilya and Hinton, Geoffrey E},
	booktitle={Advances in neural information processing systems},
	pages={1097--1105},
	year={2012}
}
@article{simonyan2014very,
	title={Very deep convolutional networks for large-scale image recognition},
	author={Simonyan, Karen and Zisserman, Andrew},
	journal={arXiv preprint arXiv:1409.1556},
	year={2014}
}
@inproceedings{szegedy2016rethinking,
	title={Rethinking the inception architecture for computer vision},
	author={Szegedy, Christian and Vanhoucke, Vincent and Ioffe, Sergey and Shlens, Jon and Wojna, Zbigniew},
	booktitle={Proceedings of the IEEE conference on computer vision and pattern recognition},
	pages={2818--2826},
	year={2016}
	}
@article{lakshmanan2010objective,
	title={An objective method of evaluating and devising storm-tracking algorithms},
	author={Lakshmanan, Valliappa and Smith, Travis},
	journal={Weather and Forecasting},
	volume={25},
	number={2},
	pages={701--709},
	year={2010}
}
@article{johnson1998storm,
	title={The storm cell identification and tracking algorithm: An enhanced WSR-88D algorithm},
	author={Johnson, JT and MacKeen, Pamela L and Witt, Arthur and Mitchell, E De Wayne and Stumpf, Gregory J and Eilts, Michael D and Thomas, Kevin W},
	journal={Weather and forecasting},
	volume={13},
	number={2},
	pages={263--276},
	year={1998}
}
@article{dixon1993titan,
	title={TITAN: Thunderstorm identification, tracking, analysis, and nowcastingâ€”A radar-based methodology},
	author={Dixon, Michael and Wiener, Gerry},
	journal={Journal of atmospheric and oceanic technology},
	volume={10},
	number={6},
	pages={785--797},
	year={1993}
}
@article{lakshmanan2009data,
	title={Data mining storm attributes from spatial grids},
	author={Lakshmanan, Valliappa and Smith, Travis},
	journal={Journal of Atmospheric and Oceanic Technology},
	volume={26},
	number={11},
	pages={2353--2365},
	year={2009}
}
@article{lakshmanan2009efficient,
	title={An efficient, general-purpose technique for identifying storm cells in geospatial images},
	author={Lakshmanan, Valliappa and Hondl, Kurt and Rabin, Robert},
	journal={Journal of Atmospheric and Oceanic Technology},
	volume={26},
	number={3},
	pages={523--537},
	year={2009}
}
@article{trapp2005tornadoes,
	title={Tornadoes from squall lines and bow echoes. Part I: Climatological distribution},
	author={Trapp, Robert J and Tessendorf, Sarah A and Godfrey, Elaine Savageau and Brooks, Harold E},
	journal={Weather and Forecasting},
	volume={20},
	number={1},
	pages={23--34},
	year={2005}
}
@article{hubbert2009weather,
	title={Weather radar ground clutter. Part II: Real-time identification and filtering},
	author={Hubbert, JC and Dixon, M and Ellis, SM},
	journal={Journal of Atmospheric and Oceanic Technology},
	volume={26},
	number={7},
	pages={1181--1197},
	year={2009}
}

@article{raaf2012pattern,
	title={Pattern recognition filtering and bidimensional FFT-based detection of storms in meteorological radar images},
	author={Raaf, Ouarda and Adane, Abd El Hamid},
	journal={Digital Signal Processing},
	volume={22},
	number={5},
	pages={734--743},
	year={2012},
	publisher={Elsevier}
}

@book{goodfellow2016,
	title={Deep Learning},
	author={Ian Goodfellow and Yoshua Bengio and Aaron Courville},
	publisher={MIT Press},
	note={\url{http://www.deeplearningbook.org}},
	year={2016}
}

@book{mitchell1997,
	title={Machine Learning},
	author={Mitchell, T. M.},
	publisher={McGraw-Hill},
	year={1997}
}

@article{liu2016application,
	title={Application of deep convolutional neural networks for detecting extreme weather in climate datasets},
	author={Liu, Yunjie and Racah, Evan and Correa, Joaquin and Khosrowshahi, Amir and Lavers, David and Kunkel, Kenneth and Wehner, Michael and Collins, William and others},
	journal={arXiv preprint arXiv:1605.01156},
	year={2016}
}

@article{fisher1936use,
	title={The use of multiple measurements in taxonomic problems},
	author={Fisher, Ronald A},
	journal={Annals of eugenics},
	volume={7},
	number={2},
	pages={179--188},
	year={1936},
	publisher={Wiley Online Library}
}

@inproceedings{he2015delving,
	title={Delving deep into rectifiers: Surpassing human-level performance on imagenet classification},
	author={He, Kaiming and Zhang, Xiangyu and Ren, Shaoqing and Sun, Jian},
	booktitle={Proceedings of the IEEE international conference on computer vision},
	pages={1026--1034},
	year={2015}
}

@inproceedings{glorot2010understanding,
	title={Understanding the difficulty of training deep feedforward neural networks},
	author={Glorot, Xavier and Bengio, Yoshua},
	booktitle={Proceedings of the thirteenth international conference on artificial intelligence and statistics},
	pages={249--256},
	year={2010}
}

@inproceedings{he2016deep,
	title={Deep residual learning for image recognition},
	author={He, Kaiming and Zhang, Xiangyu and Ren, Shaoqing and Sun, Jian},
	booktitle={Proceedings of the IEEE conference on computer vision and pattern recognition},
	pages={770--778},
	year={2016}
}

@article{graves2009novel,
	title={A novel connectionist system for unconstrained handwriting recognition},
	author={Graves, Alex and Liwicki, Marcus and Fern{\'a}ndez, Santiago and Bertolami, Roman and Bunke, Horst and Schmidhuber, J{\"u}rgen},
	journal={IEEE transactions on pattern analysis and machine intelligence},
	volume={31},
	number={5},
	pages={855--868},
	year={2009},
	publisher={IEEE}
}

@article{cortes1995support,
	title={Support-vector networks},
	author={Cortes, Corinna and Vapnik, Vladimir},
	journal={Machine learning},
	volume={20},
	number={3},
	pages={273--297},
	year={1995},
	publisher={Springer}
}

@article{lecun1998gradient,
	title={Gradient-based learning applied to document recognition},
	author={LeCun, Yann and Bottou, L{\'e}on and Bengio, Yoshua and Haffner, Patrick and others},
	journal={Proceedings of the IEEE},
	volume={86},
	number={11},
	pages={2278--2324},
	year={1998},
	publisher={Taipei, Taiwan}
}

@article{xiao2017fashion,
	title={Fashion-mnist: a novel image dataset for benchmarking machine learning algorithms},
	author={Xiao, Han and Rasul, Kashif and Vollgraf, Roland},
	journal={arXiv preprint arXiv:1708.07747},
	year={2017}
}

@misc{xiao2017online,
	author       = {Han Xiao and Kashif Rasul and Roland Vollgraf},
	title        = {Fashion-MNIST: a Novel Image Dataset for Benchmarking Machine Learning Algorithms},
	date         = {2017-08-28},
	year         = {2017},
	eprintclass  = {cs.LG},
	eprinttype   = {arXiv},
	eprint       = {cs.LG/1708.07747},
}

@misc{chollet2015keras,
	title={Keras},
	author={Chollet, Fran\c{c}ois and others},
	year={2015},
	howpublished={\url{https://keras.io}},
}

@inproceedings{sandler2018mobilenetv2,
	title={Mobilenetv2: Inverted residuals and linear bottlenecks},
	author={Sandler, Mark and Howard, Andrew and Zhu, Menglong and Zhmoginov, Andrey and Chen, Liang-Chieh},
	booktitle={Proceedings of the IEEE Conference on Computer Vision and Pattern Recognition},
	pages={4510--4520},
	year={2018}
}

@inproceedings{imagenet_cvpr09,
	AUTHOR = {Deng, J. and Dong, W. and Socher, R. and Li, L.-J. and Li, K. and Fei-Fei, L.},
	TITLE = {{ImageNet: A Large-Scale Hierarchical Image Database}},
	BOOKTITLE = {CVPR09},
	YEAR = {2009},
	BIBSOURCE = "http://www.image-net.org/papers/imagenet_cvpr09.bib"}

@article{kovesi2015good,
	title={Good colour maps: How to design them},
	author={Kovesi, Peter},
	journal={arXiv preprint arXiv:1509.03700},
	year={2015}
}

@article{helmus2016python,
	title={The Python ARM Radar Toolkit (Py-ART), a library for working with weather radar data in the Python programming language},
	author={Helmus, Jonathan J and Collis, Scott M},
	journal={Journal of Open Research Software},
	volume={4},
	year={2016},
	publisher={Argonne National Lab.(ANL), Argonne, IL (United States)}
}

@article{chen2015quantitative,
	title={The quantitative precipitation estimation system for Dallas--Fort Worth (DFW) urban remote sensing network},
	author={Chen, Haonan and Chandrasekar, V},
	journal={Journal of Hydrology},
	volume={531},
	pages={259--271},
	year={2015},
	publisher={Elsevier}
}

@article{houze1997stratiform,
	title={Stratiform precipitation in regions of convection: A meteorological paradox?},
	author={Houze Jr, Robert A},
	journal={Bulletin of the American Meteorological Society},
	volume={78},
	number={10},
	pages={2179--2196},
	year={1997},
	publisher={American Meteorological Society}
}

@article{biggerstaff2000improved,
	title={An improved scheme for convective/stratiform echo classification using radar reflectivity},
	author={Biggerstaff, Michael I and Listemaa, Steven A},
	journal={Journal of applied meteorology},
	volume={39},
	number={12},
	pages={2129--2150},
	year={2000}
}

@article{steiner1995climatological,
	title={Climatological characterization of three-dimensional storm structure from operational radar and rain gauge data},
	author={Steiner, Matthias and Houze Jr, Robert A and Yuter, Sandra E},
	journal={Journal of Applied Meteorology},
	volume={34},
	number={9},
	pages={1978--2007},
	year={1995}
}

@article{anagnostou2004convective,
	title={A convective/stratiform precipitation classification algorithm for volume scanning weather radar observations},
	author={Anagnostou, Emmanouil N},
	journal={Meteorological Applications},
	volume={11},
	number={4},
	pages={291--300},
	year={2004},
	publisher={Cambridge University Press}
}

@article{caracciolo2006analysis,
	title={Analysis of the moments and parameters of a gamma DSD to infer precipitation properties: A convective stratiform discrimination algorithm},
	author={Caracciolo, Clelia and Prodi, Franco and Battaglia, A and Porcu, Federico},
	journal={Atmospheric research},
	volume={80},
	number={2-3},
	pages={165--186},
	year={2006},
	publisher={Elsevier}
}

@article{feidas2012classifying,
	title={Classifying convective and stratiform rain using multispectral infrared Meteosat Second Generation satellite data},
	author={Feidas, Haralambos and Giannakos, Apostolos},
	journal={Theoretical and applied climatology},
	volume={108},
	number={3-4},
	pages={613--630},
	year={2012},
	publisher={Springer}
}

@book{bringi2001polarimetric,
	title={Polarimetric Doppler weather radar: principles and applications},
	author={Bringi, V N and Chandrasekar, V},
	year={2001},
	publisher={Cambridge university press}
}

@book{doviak2006doppler,
	title={Doppler radar and weather observations},
	author={Doviak, Richard and Zrnic, Dusan},
	year={2006},
	publisher={Dover Publications},
	edition={2}
}

@article{doviak2000considerations,
	title={Considerations for polarimetric upgrades to operational WSR-88D radars},
	author={Doviak, RJ and Bringi, V and Ryzhkov, A and Zahrai, A and Zrni{\'c}, D},
	journal={Journal of Atmospheric and Oceanic Technology},
	volume={17},
	number={3},
	pages={257--278},
	year={2000}
}

@article{thompson2014dual,
	title={A dual-polarization radar hydrometeor classification algorithm for winter precipitation},
	author={Thompson, Elizabeth J and Rutledge, Steven A and Dolan, Brenda and Chandrasekar, V and Cheong, Boon Leng},
	journal={Journal of Atmospheric and Oceanic Technology},
	volume={31},
	number={7},
	pages={1457--1481},
	year={2014}
}

@article{bechini2015semisupervised,
	title={A semisupervised robust hydrometeor classification method for dual-polarization radar applications},
	author={Bechini, Renzo and Chandrasekar, V},
	journal={Journal of Atmospheric and Oceanic Technology},
	volume={32},
	number={1},
	pages={22--47},
	year={2015}
}

@inproceedings{xingjian2015convolutional,
	title={Convolutional LSTM network: A machine learning approach for precipitation nowcasting},
	author={Xingjian, SHI and Chen, Zhourong and Wang, Hao and Yeung, Dit-Yan and Wong, Wai-Kin and Woo, Wang-chun},
	booktitle={Advances in neural information processing systems},
	pages={802--810},
	year={2015}
}

@article{wang2009algorithm,
	title={Algorithm for estimation of the specific differential phase},
	author={Wang, Yanting and Chandrasekar, V},
	journal={Journal of Atmospheric and Oceanic Technology},
	volume={26},
	number={12},
	pages={2565--2578},
	year={2009}
}

@article{kerkez2016cloud,
	title={Cloud Hosted Real-time Data Services for the Geosciences (CHORDS)},
	author={Kerkez, Branko and Daniels, Michael and Graves, Sara and Chandrasekar, V and Keiser, Ken and Martin, Charlie and Dye, Michael and Maskey, Manil and Vernon, Frank},
	journal={Geoscience Data Journal},
	volume={3},
	number={1},
	pages={4--8},
	year={2016},
	publisher={Wiley Online Library}
}

@article{wong2016real,
	title={Real-time environmental sensor data: An application to water quality using web services},
	author={Wong, Brandon P and Kerkez, Branko},
	journal={Environmental Modelling \& Software},
	volume={84},
	pages={505--517},
	year={2016},
	publisher={Elsevier}
}

@inproceedings{jones2017implementing,
	title={Implementing real-time GNSS monitoring to investigate continental rift initiation processes},
	author={Jones, Joshua Robert and Stamps, D Sarah and Wauthier, Christelle and Daniels, Michael D and Saria, Elifuraha and Ji, Kang Hyeun and Mencin, David and Ntambila, Daud},
	booktitle={AGU Fall Meeting Abstracts},
	year={2017}
}

@inproceedings{van2009using,
	title={Using sensorml to describe scientific workflows in distributed Web Service environments},
	author={Van Zyl, Terence and Vahed, Anwar},
	booktitle={2009 IEEE International Geoscience and Remote Sensing Symposium},
	volume={5},
	pages={V--375},
	year={2009},
	organization={IEEE}
}

@inproceedings{gooch2017integration,
	title={Integration of real-time weather radar data and Internet of Things with cloud-hosted real-time data services for the geosciences (CHORDS)},
	author={Gooch, Ryan and Chandrasekar, Venkatachalam},
	booktitle={2017 IEEE International Geoscience and Remote Sensing Symposium (IGARSS)},
	pages={4519--4521},
	year={2017},
	organization={IEEE}
}

@article{ioffe2015batch,
	title={Batch normalization: Accelerating deep network training by reducing internal covariate shift},
	author={Ioffe, Sergey and Szegedy, Christian},
	journal={arXiv preprint arXiv:1502.03167},
	year={2015}
}
@article{zhang2019making,
	title={Making convolutional networks shift-invariant again},
	author={Zhang, Richard},
	journal={arXiv preprint arXiv:1904.11486},
	year={2019}
}

@inproceedings{bjorck2018understanding,
	title={Understanding batch normalization},
	author={Bjorck, Nils and Gomes, Carla P and Selman, Bart and Weinberger, Kilian Q},
	booktitle={Advances in Neural Information Processing Systems},
	pages={7694--7705},
	year={2018}
}

@inproceedings{chollet2017xception,
	title={Xception: Deep learning with depthwise separable convolutions},
	author={Chollet, Fran{\c{c}}ois},
	booktitle={Proceedings of the IEEE conference on computer vision and pattern recognition},
	pages={1251--1258},
	year={2017}
}

@inproceedings{szegedy2017inception,
	title={Inception-v4, inception-resnet and the impact of residual connections on learning},
	author={Szegedy, Christian and Ioffe, Sergey and Vanhoucke, Vincent and Alemi, Alexander A},
	booktitle={Thirty-First AAAI Conference on Artificial Intelligence},
	year={2017}
}

@misc{tensorflow2015-whitepaper,
	title={ {TensorFlow}: Large-Scale Machine Learning on Heterogeneous Systems},
	url={https://www.tensorflow.org/},
	note={Software available from tensorflow.org},
	author={
	Mart\'{\i}n~Abadi and
	Ashish~Agarwal and
	Paul~Barham and
	Eugene~Brevdo and
	Zhifeng~Chen and
	Craig~Citro and
	Greg~S.~Corrado and
	Andy~Davis and
	Jeffrey~Dean and
	Matthieu~Devin and
	Sanjay~Ghemawat and
	Ian~Goodfellow and
	Andrew~Harp and
	Geoffrey~Irving and
	Michael~Isard and
	Yangqing Jia and
	Rafal~Jozefowicz and
	Lukasz~Kaiser and
	Manjunath~Kudlur and
	Josh~Levenberg and
	Dandelion~Man\'{e} and
	Rajat~Monga and
	Sherry~Moore and
	Derek~Murray and
	Chris~Olah and
	Mike~Schuster and
	Jonathon~Shlens and
	Benoit~Steiner and
	Ilya~Sutskever and
	Kunal~Talwar and
	Paul~Tucker and
	Vincent~Vanhoucke and
	Vijay~Vasudevan and
	Fernanda~Vi\'{e}gas and
	Oriol~Vinyals and
	Pete~Warden and
	Martin~Wattenberg and
	Martin~Wicke and
	Yuan~Yu and
	Xiaoqiang~Zheng},
	year={2015},
}

@article{howard2017mobilenets,
	title={Mobilenets: Efficient convolutional neural networks for mobile vision applications},
	author={Howard, Andrew G and Zhu, Menglong and Chen, Bo and Kalenichenko, Dmitry and Wang, Weijun and Weyand, Tobias and Andreetto, Marco and Adam, Hartwig},
	journal={arXiv preprint arXiv:1704.04861},
	year={2017}
}
